<?xml version="1.0" encoding="UTF-8" ?>
<record Numero="13989705" format="InterXMarc_Complet" type="Authority">
<leader>00593c1 au22000272  45  <Pos Code="0004">00593</Pos>
<Pos Code="05" Sens="notice modifiée">c</Pos>
<Pos Code="06" Sens="notice validée en catalogage courant">1</Pos>
<Pos Code="08" Sens="notice d&apos;autorité">a</Pos>
<Pos Code="09" Sens="titre uniforme musical (TUM)">u</Pos>
<Pos Code="10">2</Pos>
<Pos Code="11">2</Pos>
<Pos Code="1216">00027</Pos>
<Pos Code="17" Sens="autres cas">2</Pos>
<Pos Code="20">4</Pos>
<Pos Code="21">5</Pos>
</leader>
<controlfield tag="001">FRBNF139897056<Pos Code="0001">FR</Pos>
<Pos Code="0204">BNF</Pos>
<Pos Code="0512">13989705</Pos>
<Pos Code="13">6</Pos>
</controlfield>
<controlfield tag="008">960514141027yyeng sg        1925                             1   <Pos Code="0001">96</Pos>
<Pos Code="0203">05</Pos>
<Pos Code="0405">14</Pos>
<Pos Code="0607">14</Pos>
<Pos Code="0809">10</Pos>
<Pos Code="1011">27</Pos>
<Pos Code="1213" Sens="ne s&apos;applique pas">yy</Pos>
<Pos Code="1416" Sens="anglais">eng</Pos>
<Pos Code="1820" Sens="chanson [chanson harmonisée => chanson]">sg </Pos>
<Pos Code="2831">1925</Pos>
<Pos Code="61" Sens="La vedette peut être liée à une notice bibliographique sauf pour l&apos;accès matière RAMEAU">1</Pos>
</controlfield>
<datafield tag="048" ind1=" " ind2=" ">
	<subfield code="b">vz01<Pos Code="0001" Sens="voix - non spécifié">vz</Pos>
<Pos Code="02">0</Pos>
<Pos Code="03">1</Pos>
</subfield>
	<subfield code="a">oa01<Pos Code="0001" Sens="orchestre - orchestre symphonique XIXe-XXe s.">oa</Pos>
<Pos Code="02">0</Pos>
<Pos Code="03">1</Pos>
</subfield>
</datafield>
<datafield tag="100" ind1=" " ind2=" ">
	<subfield code="3">13901338</subfield>
	<subfield code="w"> 0  b     </subfield>
	<subfield code="a">Youmans</subfield>
	<subfield code="m">Vincent</subfield>
	<subfield code="d">1898-1946</subfield>
</datafield>
<datafield tag="144" ind1="1" ind2=" ">
	<subfield code="w">....b.eng.</subfield>
	<subfield code="a">No, no, Nanette</subfield>
	<subfield code="i">Tea for two</subfield>
</datafield>
<datafield tag="301" ind1=" " ind2=" ">
	<subfield code="3">13955433</subfield>
	<subfield code="a">Šostakovič</subfield>
	<subfield code="m">Dmitrij Dmitrievič</subfield>
	<subfield code="d">1906-1975</subfield>
	<subfield code="t">[Taiti trot. Op. 16]</subfield>
</datafield>
<datafield tag="444" ind1="1" ind2=" ">
	<subfield code="w">....b.eng.</subfield>
	<subfield code="a">Tea for two</subfield>
</datafield>
<datafield tag="444" ind1="1" ind2=" ">
	<subfield code="w">....b.fre.</subfield>
	<subfield code="a">Thé pour deux</subfield>
</datafield>
<datafield tag="502" ind1=" " ind2=" ">
	<subfield code="3">13931264</subfield>
	<subfield code="a">Youmans</subfield>
	<subfield code="m">Vincent Millie</subfield>
	<subfield code="d">1898-1946</subfield>
	<subfield code="t">[No, no, Nanette]</subfield>
</datafield>
<datafield tag="610" ind1=" " ind2=" ">
	<subfield code="a">Grove 6</subfield>
</datafield>
<datafield tag="917" ind1=" " ind2=" ">
	<subfield code="o">OPC</subfield>
	<subfield code="a">101213800</subfield>
</datafield>
<datafield tag="917" ind1=" " ind2=" ">
	<subfield code="o">OPD</subfield>
	<subfield code="a">100798490</subfield>
	<subfield code="b">ATUM</subfield>
</datafield>
<datafield tag="996" ind1=" " ind2=" ">
	<subfield code="o">OPP</subfield>
	<subfield code="a">13873245</subfield>
	<subfield code="d">20070221</subfield>
</datafield>
<datafield tag="996" ind1=" " ind2=" ">
	<subfield code="o">OPP</subfield>
	<subfield code="a">16305863</subfield>
	<subfield code="d">20141027</subfield>
</datafield>
<Alter Ori="13901338">
<datafield tag="031" ind1=" " ind2=" ">
	<subfield code="a">0000000081543066</subfield>
	<subfield code="2" Sens="ISNI chargé à partir de VIAF">VIAF</subfield>
	<subfield code="d">20130731<Pos Code="0003">2013</Pos>
<Pos Code="0407" Sens="31 juillet">0731</Pos>
</subfield>
</datafield>
</Alter>
<Attr Nom="IDPerenne">ark:/12148/cb13989705m</Attr>
<Attr Nom="NumSource">OPC 101213800</Attr>
<Attr Nom="Source" Sens="BnF catalogue général (depuis 1999)">A</Attr>
<Attr Nom="NumAutoriteLiee">139013381395543313931264</Attr>
<Attr Nom="DateCreation">14/05/ 1996</Attr>
<Attr Nom="ResponsableCreation">MIGV2</Attr>
<Attr Nom="StructCreation">1</Attr>
<Attr Nom="DateDerniereValidation">27/10/ 2014</Attr>
<Attr Nom="ResponsableDerniereValidation">SERRES CATHERINE</Attr>
<Attr Nom="StructPremiereValidation">1</Attr>
<Attr Nom="DatePremiereValidation">14/05/ 1996</Attr>
<Attr Nom="ResponsablePremiereValidation">MIGV2</Attr>
<Attr Nom="StructDerniereValidation">82</Attr>
<Attr Nom="NumSource" Rep="1">OPD 100798490</Attr>
<Attr Nom="NumSource" Rep="2">OPP 13873245</Attr>
<Attr Nom="NumSource" Rep="3">OPP 16305863</Attr>
</record>
